 @article{agassi_1967, title={The Kirchhoff-Planck Radiation Law}, volume={156}, DOI={10.1126/science.156.3771.30}, number={3771}, journal={Science}, author={Agassi, Joseph}, year={1967}, pages={30–37}} 

 @book{forte_rottoli_2019, place={Bologna}, title={Fisica Quantistica}, publisher={Zanichelli}, author={Forte, Luca and Rottoli, Luca}, year={2019}} 

@article{https://doi.org/10.1002/andp.19053220607,
author = {Einstein, A.},
title = {Über einen die Erzeugung und Verwandlung des Lichtes betreffenden heuristischen Gesichtspunkt},
journal = {Annalen der Physik},
volume = {322},
number = {6},
pages = {132-148},
doi = {https://doi.org/10.1002/andp.19053220607},
url = {https://onlinelibrary.wiley.com/doi/abs/10.1002/andp.19053220607},
eprint = {https://onlinelibrary.wiley.com/doi/pdf/10.1002/andp.19053220607},
year = {1905}
}


@online{Equazione_d'onda_di_D'Alambert,
  author    = {University of Illinois },
  title     = {D'Alambert solution of the wave equation},
  url       = {https://faculty.math.illinois.edu/~jlebl/286-dalemb.pdf},
  note      = "[Online; accessed 9-11-22]"
} 




@online{tikz.net,
  author    = {tikz.net},
  title     = {tikz.net blackbody graphs},
  url       = {https://tikz.net/blackbody/},
  note      = "[Online; accessed 10-10-22]"
} 


@online{Franck_Hertz_experiment,
  author    = "{Tamer Tolba, Lucian Ancu}",
  title     = "Franck-Hertz data for Mercury tube",
  year      = "2013",
  url       = "https://www.physik.unibe.ch/unibe/portal/fak_naturwis/b_paw/a_fphyast/content/e41821/e41822/e140946/e148625/e270487/files270494/Franck-Hertz_ger.pdf",
  note      = "[Online; accessed 28-10-22]"
}



@online{masterpage_cover,
  author    = {Fabrizio Carbone},
  title     = {The first ever photograph of light as both a particle and wave},
  year      = {2022},
  journal   = {EPFL news},
  url       = {https://actu.epfl.ch/news/the-first-ever-photograph-of-light-as-both-a-parti/}
}

